@Manual{mtconnect_spec,
  title =        {MTConnect Specification 1.0},
  organization = {MTConnect Consortium},
  month =     {December},
  year =      2007,
  howpublished = "http://www.mtconnect.org"

}

@Misc{xpath_tutorial,
  key =       {xpath_tutorial},
  author =    {{W3Schools}},
  title =     {XPath Tutorial},
  howpublished = {http://www.w3schools.com/xpath}
}

@Misc{rest_wikipedia,
  title =     {Representational State Transfer},
  howpublished = {http://www.wikipedia.org/wiki/Representational_State_Transfer}
}

